@Article{ Gonzalez1999,
	title = "Exact energy and momentum conserving algorithms for general models in nonlinear elasticity",
	author = "O.Gonzalez",
	editor = "ELSEVIER",
	journal = "Computer Methods in Applied Mechanics and Engineering",
	year = "2000"
}

@Article{ Yayyad,
	title = "Formulation and analysis of two energy-consistent methods for nonlinear elastodynamic frictional contact problems",
	author = "Y.Ayyad and M. Barboteu",
	editor = "ELSEVIER",
	journal = "Computational and Applied Mathematics",
	volume = "228",
	year = "2009"
}

@PhDThesis{ PHThesis,
	title = "Méthodes numériques pour la dynamique des structures non-linéaires incompressibles à deux échelles",
	author = "PATRICE HAURET",
	school = "Polytechnique",
	year = "2004"
}

@Article{ MidPoint,
	title = "A well-posed semi-discretization of elastodynamic contact problems with friction",
	author = "T. Ligursky and Y. Renard",
	editor = "Oxford University Press",
	journal = "The Quarterly Journal of Mechanics and Applied Mathematics",
	pages = "11–12",
	year = "2010"
}

@Book{ FEMBook,
	title = "Nonlinear Finite Elements for continua and structures",
	author = "T.Belytschko and Wing Kam Liu and Brian Moran",
	editor = "Wiley",
	year = "2000",
	isbn = "0-471-98773-5"
}

@Article{ NonlinearGeo,
	title = "Axisymmetric analytical stiffness matrices with Green-Lagrange strains",
	author = "P. Pedersen",
	journal = "Computational Mechanics",
	pages = "227–235",
	volume = "35",
	number = "3",
	year = "2005"
}

@Article{ SofaODERef,
	title = "Large Steps in Cloth Simulation",
	author = "David Baraff and Andrew P. Witkin",
	journal = "SIGRAPH",
	pages = "43–54",
	volume = "Annual Conference",
	number = "98",
	year = "1998",
	issn = "0-89791-999-8"
}

